@phdthesis{zhao-thesis,
	Author = {Jianzhou Zhao},
	School = {University of Pennsylvania},
	Title = {Formalizing an {SSA}-based compiler for verified advanced program transformations},
	Year = {2013}
}

@inproceedings{vellvm,
  author    = {Jianzhou Zhao and
               Santosh Nagarakatte and
               Milo M. K. Martin and
               Steve Zdancewic},
  title     = {Formalizing the {LLVM} intermediate representation for verified program
               transformations},
  booktitle = {Proceedings of the 39th {ACM} {SIGPLAN-SIGACT} Symposium on Principles
               of Programming Languages, {POPL} 2012, Philadelphia, Pennsylvania,
               USA, January 22-28, 2012},
  pages     = {427--440},
  year      = {2012},
}

@inproceedings{taint-formal,
  author    = {Edward J. Schwartz and
               Thanassis Avgerinos and
               David Brumley},
  title     = {All You Ever Wanted to Know about Dynamic Taint Analysis and Forward
               Symbolic Execution (but Might Have Been Afraid to Ask)},
  booktitle = {{IEEE} {S{\&}P}},
  pages     = {317--331},
  year      = {2010},
}

@inproceedings{Schwartz10,
  author    = {Edward J. Schwartz and
               Thanassis Avgerinos and
               David Brumley},
  title     = {All You Ever Wanted to Know about Dynamic Taint Analysis and Forward
               Symbolic Execution (but Might Have Been Afraid to Ask)},
  booktitle = {{IEEE} {S{\&}P}},
  pages     = {317--331},
  year      = {2010},
}

@techreport{Livshits12,
  title={Dynamic taint tracking in managed runtimes},
  author={Livshits, Benjamin},
  year={2012},
  institution={Technical Report MSR-TR-2012-114, Microsoft Research}
}

@inproceedings{Austin09,
  author    = {Thomas H. Austin and
               Cormac Flanagan},
  title     = {Efficient purely-dynamic information flow analysis},
  booktitle = {PLAS},
  pages     = {113--124},
  year      = {2009}
}

@inproceedings{Sekar09,
  author    = {R. Sekar},
  title     = {An Efficient Black-box Technique for Defeating Web Application Attacks},
  booktitle = {{NDSS}},
  year      = {2009}
}

@techreport{Livshits06,
  title={SecuriFly: Runtime protection and recovery from Web application vulnerabilities},
  author={Livshits, Benjamin and Martin, Michael and Lam, Monica S},
  year={2006},
  institution={Technical report, Stanford University}
}


@inproceedings{WassermannS07,
  author    = {Gary Wassermann and
               Zhendong Su},
  title     = {Sound and precise analysis of web applications for injection vulnerabilities},
  booktitle = {{PLDI}},
  pages     = {32--41},
  year      = {2007}
}

@inproceedings{Shoshitaishvili15,
  author    = {Yan Shoshitaishvili and
               Ruoyu Wang and
               Christophe Hauser and
               Christopher Kruegel and
               Giovanni Vigna},
  title     = {Firmalice - Automatic Detection of Authentication Bypass Vulnerabilities
               in Binary Firmware},
  booktitle = {22nd Annual Network and Distributed System Security Symposium, {NDSS}
               2015, San Diego, California, USA, February 8-11, 2014},
  year      = {2015}
}

@inproceedings{Wei14,
  author    = {Zheng Wei and
               David Lie},
  title     = {LazyTainter: Memory-Efficient Taint Tracking in Managed Runtimes},
  booktitle = {{SPSM Workshop at CCS}},
  pages     = {27--38},
  year      = {2014}
}

@article{Enck14,
  author    = {William Enck and
               Peter Gilbert and
               Byung{-}Gon Chun and
               Landon P. Cox and
               Jaeyeon Jung and
               Patrick McDaniel and
               Anmol Sheth},
  title     = {TaintDroid: an information flow tracking system for real-time privacy
               monitoring on smartphones},
  journal   = {Commun. {ACM}},
  volume    = {57},
  number    = {3},
  pages     = {99--106},
  year      = {2014}
}

@inproceedings{Saxena08,
  author    = {Prateek Saxena and
               R. Sekar and
               Varun Puranik},
  title     = {Efficient fine-grained binary instrumentationwith applications to
               taint-tracking},
  booktitle = {{CGO}},
  pages     = {74--83},
  year      = {2008}
}

@inproceedings{Cheng06,
  author    = {Winnie Cheng and
               Qin Zhao and
               Bei Yu and
               Scott Hiroshige},
  title     = {TaintTrace: Efficient Flow Tracing with Dynamic Binary Rewriting},
  booktitle = {{IEEE} {ISCC}},
  pages     = {749--754},
  year      = {2006}
}

@inproceedings{Bosman11,
  author    = {Erik Bosman and
               Asia Slowinska and
               Herbert Bos},
  title     = {Minemu: The World's Fastest Taint Tracker},
  booktitle = {{RAID}},
  pages     = {1--20},
  year      = {2011}
}

@article{Zhu11,
  author    = {David (Yu) Zhu and
               Jaeyeon Jung and
               Dawn Song and
               Tadayoshi Kohno and
               David Wetherall},
  title     = {TaintEraser: protecting sensitive data leaks using application-level
               taint tracking},
  journal   = {Operating Systems Review},
  volume    = {45},
  number    = {1},
  pages     = {142--154},
  year      = {2011}
}

@inproceedings{Chin09,
  author    = {Erika Chin and
               David Wagner},
  title     = {Efficient character-level taint tracking for Java},
  booktitle = {{ACM} {SWS}},
  pages     = {3--12},
  year      = {2009}
}

@inproceedings{Martin05,
  title={Finding Application Errors Using {PQL}: {A} Program Query Language},
  author={Michael Martin and Benjamin Livshits and Monica S. Lam},
  booktitle={{OOPSLA}},
  year={2005}
}

@inproceedings{Haldar05,
  author    = {Vivek Haldar and
               Deepak Chandra and
               Michael Franz},
  title     = {Dynamic Taint Propagation for Java},
  booktitle = {{ACSAC}},
  pages     = {303--311},
  year      = {2005}
}

@inproceedings{Bell15,
  author    = {Jonathan Bell and
               Gail E. Kaiser},
  title     = {Dynamic taint tracking for Java with phosphor (demo)},
  booktitle = {{ISSTA}},
  pages     = {409--413},
  year      = {2015},
}


@inproceedings{Bell14,
  author    = {Jonathan Bell and
               Gail E. Kaiser},
  title     = {Phosphor: illuminating dynamic data flow in commodity jvms},
  booktitle = {{OOPSLA}},
  pages     = {83--101},
  year      = {2014},
}

@inproceedings{Schoepe16,
  author    = {Daniel Schoepe and
               Musard Balliu and
               Benjamin C. Pierce and
               Andrei Sabelfeld},
  title     = {Explicit Secrecy: {A} Policy for Taint Tracking},
  booktitle = {{IEEE} {EuroS{\&}P}},
  pages     = {15--30},
  year      = {2016},
}

@inproceedings{Volpano99,
  author    = {Dennis M. Volpano},
  title     = {Safety versus Secrecy},
  booktitle = {{SAS}},
  pages     = {303--311},
  year      = {1999},
}

@inproceedings{Askarov07,
  author    = {Aslan Askarov and
               Andrei Sabelfeld},
  title     = {Gradual Release: Unifying Declassification, Encryption and Key Release
               Policies},
  booktitle = {{IEEE} {S{\&}P}},
  pages     = {207--221},
  year      = {2007},
}

@misc{openmrs,
  key = {{OpenMRS Inc.}},
  title = {{OpenMRS}},
  howpublished = {\url{http://openmrs.org/}},
  note = {Accessed: 2016-07-28},
  year = 2016 
}

@inproceedings{post16,
  author = {Sepehr Amir-Mohammadian and Stephen Chong and Christian Skalka},
  title = {Correct Audit Logging: Theory and Practice},
  booktitle = {International Conference on Principles of Security and Trust ({POST})},
  year = 2016,
  month = {April}
}


@inproceedings{amir-chong-skalka-law15,
  author    = {Sepehr Amir-Mohammadian and
               Stephen Chong and
               Christian Skalka},
  title     = {Foundations for Auditing Assurance},
  booktitle = {{Layered Assurance Workshop}},
  year      = {2015},
}


@article{Igarashi01,
  author    = {Atsushi Igarashi and
               Benjamin C. Pierce and
               Philip Wadler},
  title     = {Featherweight Java: a minimal core calculus for Java and {GJ}},
  journal   = {{ACM} Trans. Program. Lang. Syst.},
  volume    = {23},
  number    = {3},
  pages     = {396--450},
  year      = {2001},
}

@article{Ceri89,
  author    = {Stefano Ceri and
               Georg Gottlob and
               Letizia Tanca},
  title     = {What you always wanted to know about {D}atalog ({A}nd never dared
               to ask)},
  journal   = {IEEE Transactions on Knowledge and Data Engineering},
  volume    = {1},
  number    = {1},
  year      = {1989},
  pages     = {146-166},
}

@Article{Kohlas14,
AUTHOR = {Juerg Kohlas and Juerg Schmid},
TITLE = {An Algebraic Theory of Information: {A}n Introduction and Survey},
JOURNAL = {Information},
VOLUME = {5},
YEAR = {2014},
NUMBER = {2},
PAGES = {219--254},
}

@book{kohlas2003information,
  title={Information Algebras: Generic Structures For Inference},
  author={Kohlas, J.},
  isbn={9781852336899},
  lccn={2002044519},
  series={Discrete mathematics and theoretical computer science},
  year={2003},
  publisher={Springer}
}

@misc{datalog,
  title = {Definite Logic Programs},
  howpublished = {\url{http://tinman.cs.gsu.edu/~raj/8710/f02/ch2.pdf}},
  note = {Accessed: 2016-08-02},
}

@incollection{Nilsson00,
  author      = {Ulf Nilsson and Jan Maluszyynski},
  title       = {Definite Logic Programs},
  booktitle   = {Logic, {P}rogramming and {P}rolog},
  year        = 2000,
  chapter     = 2,
}

@inproceedings{ganapathy-jaeger-skalka-tan-law14,
  author = {Vinod Ganapathy and Trent Jaeger and Christian Skalka and Gang Tan},
  title = {Assurance for Defense in Depth via Retrofitting},
  booktitle = {{LAW}},
  year = 2014
}


@inproceedings{Birgisson10,
  author    = {Arnar Birgisson and
               Alejandro Russo and
               Andrei Sabelfeld},
  title     = {Unifying Facets of Information Integrity},
  booktitle = {{ICISS}},
  pages     = {48--65},
  year      = {2010},
}


@inproceedings{Askarov10,
  author    = {Aslan Askarov and
               Andrew Myers},
  title     = {A Semantic Framework for Declassification and Endorsement},
  booktitle = {{ESOP}},
  pages     = {64--84},
  year      = {2010},
}

@inproceedings{Askarov09,
  author    = {Aslan Askarov and
               Andrei Sabelfeld},
  title     = {Tight Enforcement of Information-Release Policies for Dynamic Languages},
  booktitle = {{CSF}},
  pages     = {43--59},
  year      = {2009},
}

@inproceedings{Askarov08,
  author    = {Aslan Askarov and
               Sebastian Hunt and
               Andrei Sabelfeld and
               David Sands},
  title     = {Termination-Insensitive Noninterference Leaks More Than Just a Bit},
  booktitle = {{ESORICS}},
  pages     = {333--348},
  year      = {2008},
}

@article{Myers06,
  author    = {Andrew C. Myers and
               Andrei Sabelfeld and
               Steve Zdancewic},
  title     = {Enforcing Robust Declassification and Qualified Robustness},
  journal   = {{J. Comput. Secur.}},
  volume    = {14},
  number    = {2},
  pages     = {157--196},
  year      = {2006},
}

@inproceedings{amir-skalka-plas16,
    author = {Sepehr Amir-Mohammadian and Christian Skalka},
    title = {In-Depth Enforcement of Dynamic Integrity Taint Analysis},
    booktitle = {{PLAS}},
    year = 2016,
} 

@article{Clarkson10,
  author    = {Michael R. Clarkson and
               Fred B. Schneider},
  title     = {Hyperproperties},
  journal   = {{J. Comput. Secur.}},
  volume    = {18},
  number    = {6},
  pages     = {1157--1210},
  year      = {2010},
}

@article{Denning77,
  title={Certification of Programs for Secure Information Flow},
  author={Dorothy E Denning and Peter J Denning},
  journal={Communications of the {ACM}},
  volume={20},
  number={7},
  pages={504--513},
  year={1977},
  publisher={ACM}
}

@article{Sabelfeld03,
  title={Language-based Information-flow Security},
  author={Andrei Sabelfeld and Andrew C Myers},
  journal={{IEEE} {J}ournal on selected areas in communications},
  volume={21},
  number={1},
  pages={5--19},
  year={2003},
  publisher={IEEE}
}

@inproceedings{Goguen82,
  author    = {Joseph A. Goguen and
               Jos{\'{e}} Meseguer},
  title     = {Security Policies and Security Models},
  booktitle = {{IEEE} S\&P},
  pages     = {11--20},
  year      = {1982},
}

@article{Sabelfeld09,
  title={Declassification: Dimensions and Principles},
  author={Andrei Sabelfeld and David Sands},
  journal={{J. Comput. Secur.}},
  volume={17},
  number={5},
  pages={517--548},
  year={2009},
  publisher={IOS Press}
}

@inproceedings{Livshits13,
  author    = {Benjamin Livshits and
               Stephen Chong},
  title     = {Towards fully automatic placement of security sanitizers and declassifiers},
  booktitle = {{POPL}},
  pages     = {385--398},
  year      = {2013},
}

@TECHREPORT{TR2,
 AUTHOR = {Sepehr Amir-Mohammadian and Christian Skalka},
 TITLE = {The Meaning of Dynamic Integrity Taint Analysis},
 INSTITUTION = {University of Vermont},
 MONTH = {October},
 YEAR = {2016},
 note = {\url{http://www1.pacific.edu/\textasciitilde samirmoh/pubs/TR\_Audit.pdf}},
}

@incollection{Nilsson00,
  author      = {Ulf Nilsson and Jan Maluszyynski},
  title       = {Definite Logic Programs},
  booktitle   = {Logic, {P}rogramming and {P}rolog},
  year        = 2000,
  chapter     = 2,
}

@article{Ceri89,
  author    = {Stefano Ceri and
               Georg Gottlob and
               Letizia Tanca},
  title     = {What you always wanted to know about {D}atalog ({A}nd never dared
               to ask)},
  journal   = {IEEE Transactions on Knowledge and Data Engineering},
  volume    = {1},
  number    = {1},
  year      = {1989},
  pages     = {146-166},
}

@inproceedings{Conti10,
  author    = {Juan Jos{\'{e}} Conti and
               Alejandro Russo},
  title     = {A Taint Mode for {P}ython via a Library},
  booktitle = {{NordSec}},
  pages     = {210--222},
  year      = {2010},
}


@misc{github,
  author = {Sepehr Amir-Mohammadian and Stephen Chong and Christian Skalka},
  title = {{Retrospective Security Module for OpenMRS}},
  year = {2015},
  publisher = {GitHub},
  journal = {GitHub repository},
  howpublished = {\url{https://github.com/sepehram/retro-security-openmrs}},
}

@TECHREPORT{TR,
 AUTHOR = {Sepehr Amir-Mohammadian and Stephen Chong and Christian Skalka},
 TITLE = {The theory and practice of correct audit logging},
 INSTITUTION = {University of Vermont},
 MONTH = {October},
 YEAR = {2015},
 note = {\url{https://www.uvm.edu/\textasciitilde samirmoh/TR/TR\_Audit.pdf}},
}

@InCollection{matthews-gaebel-hie09,
  author = 	 {Pam Matthews and Holly Gaebel},
  title = 	 {Break the Glass},
  booktitle = 	 {{HIE} Topic Series},
  publisher =	 {Healthcare Information and Management Systems Society},
  year =	 2009
}

@misc{openmrs-website,
  key = {{OpenMRS Inc.}},
  title = {{OpenMRS}},
  howpublished = {\url{http://openmrs.org/}},
  note = {Accessed: 2016-10-29},
  year = 2016 
}

@misc{coq-proof,
  author = {Sepehr Amir-Mohammadian and Stephen Chong and Christian Skalka},
  title = {Coq formalization of auditing correctness for core functional calculus},
  year = {2015},
  publisher = {GitHub},
  journal = {GitHub repository},
  howpublished = {\url{https://github.com/sepehram/auditing-instrumentation-correctness}},
}

@inproceedings{Mounji95,
  author    = {Abdelaziz Mounji and
               Baudouin Le Charlier and
               D. Zampuni{\'{e}}ris and
               Naji Habra},
  title     = {Distributed audit trail analysis},
  booktitle = {1995 Symposium on Network and Distributed System Security, {(S)NDSS}
               '95, San Diego, California, February 16-17, 1995},
  pages     = {102--113},
  year      = {1995},
}

@inproceedings{Yavuz09,
  author    = {Attila Altay Yavuz and
               Peng Ning},
  title     = {{BAF:} An Efficient Publicly Verifiable Secure Audit Logging Scheme
               for Distributed Systems},
  booktitle = {{ACSAC}},
  pages     = {219--228},
  year      = {2009},
}

@inproceedings{Accorsi06,
  author    = {Rafael Accorsi},
  title     = {On the Relationship of Privacy and Secure Remote Logging in Dynamic
               Systems},
  booktitle = {Security and Privacy in Dynamic Environments, Proceedings of the {IFIP}
               {TC-11} 21st International Information Security Conference {(SEC}
               2006), 22-24 May 2006, Karlstad, Sweden},
  pages     = {329--339},
  year      = {2006},
}

@inproceedings{Accorsi10,
  author    = {Rafael Accorsi},
  title     = {BBox: {A} Distributed Secure Log Architecture},
  booktitle = {EuroPKI},
  pages     = {109--124},
  year      = {2010},
}

@inproceedings{Lee06,
  author    = {Adam J. Lee and
               Parisa Tabriz and
               Nikita Borisov},
  title     = {A privacy-preserving interdomain audit framework},
  booktitle = {WPES},
  pages     = {99--108},
  year      = {2006},
}

@inproceedings{Wu03,
  author    = {Yu{-}Sung Wu and
               Bingrui Foo and
               Yongguo Mei and
               Saurabh Bagchi},
  title     = {Collaborative Intrusion Detection System {(CIDS):} {A} Framework for
               Accurate and Efficient {IDS}},
  booktitle = {{ACSAC}},
  pages     = {234--244},
  year      = {2003},
}

@inproceedings{Yegneswaran04,
  author    = {Vinod Yegneswaran and
               Paul Barford and
               Somesh Jha},
  title     = {Global Intrusion Detection in the {DOMINO} Overlay System},
  booktitle = {Proceedings of the Network and Distributed System Security Symposium,
               {NDSS} 2004, San Diego, California, {USA}},
  year      = {2004},
}

@phdthesis{amir-phd17,
  author = {Sepehr Amir-Mohammadian},
  title = {A Formal Approach to Combining Prospective and Retrospective Security},
  school = {The University of Vermont},
  year = {2017},
  month = July,
  pdf = {http://www1.pacific.edu/~samirmoh/pubs/phd-thesis.pdf},
}

@misc{vicert,
  key = {{Vicert Inc.}},
  title = {{Microservices in Healthcare: Granulate to Accelerate}},
  howpublished = {\url{https://vicert.com/local/resources/assets/pdf/WhitePaper_Microservices\%20in\%20Healthcare.pdf}},
  note = {Accessed: 2019-09-01},
  year = 2019 
}

@misc{zion,
  key = {{Zion Market Research}},
  title = {{Global Microservices In Healthcare Market Will Reach USD 519 Million By 2025}},
  howpublished = {\url{https://rb.gy/pi8y7l}},
  note = {Accessed: 2021-04-07},
  year = 2019 
}


@misc{jwt,
  key = {{JSON Web Tokens}},
  title = {{Introduction to JSON Web Tokens}},
  howpublished = {\url{https://jwt.io/introduction/}},
  note = {Accessed: 2019-09-02},
  year = 2019 
}

@conference{deyoung10-1,
  author    = {Henry DeYoung and
               Deepak Garg and
               Limin Jia and
               Dilsun Kirli Kaynar and
               Anupam Datta},
  title     = {Experiences in the logical specification of the {HIPAA} and {GLBA} privacy laws},
  booktitle = {{WPES} 2010},
  year      = {2010},
  pages     = {73-82},
}

@TECHREPORT{deyoung10-2,
 AUTHOR = {Henry DeYoung and Deepak Garg and Limin Jia and Dilsun Kaynar and Anupam Datta},
 TITLE = {Privacy policy specification and audit in a fixed-point logic: How to enforce {HIPAA}, {GLBA}, and all that},
 NUMBER = {CMU-CyLab-10-008},
 INSTITUTION = {Carnegie Mellon University},
 MONTH = {April},
 YEAR = {2010},
}

@TECHREPORT{deyoung10-3,
 AUTHOR = {Henry DeYoung and Deepak Garg and Dilsun Kaynar and Anupam Datta},
 TITLE = {Logical specification of the {GLBA} and {HIPAA} privacy laws},
 NUMBER = {CMU-CyLab-10-007},
 INSTITUTION = {Carnegie Mellon University},
 MONTH = {April},
 YEAR = {2010},
}


@article{auditbased_compliance,
  author    = {J. G. Cederquist and
               Ricardo Corin and
               M. A. C. Dekker and
               Sandro Etalle and
               J. I. den Hartog and
               Gabriele Lenzini},
  title     = {Audit-based compliance control},
  journal   = {Int. J. Inf. Secur.},
  volume    = {6},
  number    = {2-3},
  year      = {2007},
  pages     = {133-151},
}

@conference{logic_audit,
  author    = {Ricardo Corin and
               Sandro Etalle and
               J. I. den Hartog and
               Gabriele Lenzini and
               I. Staicu},
  title     = {A logic for auditing accountability in decentralized systems},
  booktitle = {{FAST} 2004},
  year      = {2004},
  pages     = {187-201},
}


@conference{theorey_accountability,
  author    = {Radha Jagadeesan and
               Alan Jeffrey and
               Corin Pitcher and
               James Riely},
  title     = {Towards a theory of accountability and audit},
  booktitle = {{ESORICS} 2009},
  year      = {2009},
  pages     = {152-167},
}

@inproceedings{Guts:2009:REA:1813084.1813099,
  title={Reliable evidence: Auditability by typing},
  author={Guts, Nataliya and Fournet, C{\'e}dric and Nardelli, Francesco Zappa},
  booktitle={European Symposium on Research in Computer Security},
  pages={168--183},
  year={2009},
  organization={Springer}
}



@inproceedings{AURA,
  author    = {Jeffrey A. Vaughan and
               Limin Jia and
               Karl Mazurak and
               Steve Zdancewic},
  title     = {Evidence-Based Audit},
  booktitle = {{CSF} 2008},
  year      = {2008},
  pages     = {177-191},
}

@conference{apple,
  author    = {Sandro Etalle and
               William H. Winsborough},
  title     = {A posteriori compliance control},
  booktitle = {{SACMAT} 2007},
  year      = {2007},
  pages     = {11-20},
}

@inproceedings{Bock:2010:TMT:1825731.1826135,
 author = {B\"{o}ck, Benjamin and Huemer, David and Tjoa, A. Min},
 title = {Towards more trustable log files for digital forensics by means of ``trusted computing''},
 booktitle = {{AINA} 2010},
 year = {2010},
 pages = {1020--1027},
 publisher = {IEEE Computer Society},
} 

@conference{PQL,
 author = {Martin, Michael and Livshits, Benjamin and Lam, Monica S.},
 title = {Finding application errors and security flaws using {PQL}: {A} program query language},
 booktitle = {{OOPSLA} 2005},
 year = {2005},
 pages = {365-383},
 publisher = {ACM},
}

@article{schneider2000,
  author    = {Fred B. Schneider},
  title     = {Enforceable security policies},
  journal   = {{ACM} {T}ransactions on {I}nformation and {S}ystem {S}ecurity},
  volume    = {3},
  number    = {1},
  pages     = {30--50},
  year      = {2000},
}

@phdthesis{erlingsson2003,
  title={The inlined reference monitor approach to security policy enforcement},
  author={{\'U}lfar Erlingsson},
  year={2003},
  school={Cornell University}
}

@article{info-flow,
  author    = {Cristian{-}Alexandru Staicu and
               Daniel Schoepe and
               Musard Balliu and
               Michael Pradel and
               Andrei Sabelfeld},
  title     = {An Empirical Study of Information Flows in Real-World JavaScript},
  journal   = {CoRR},
  volume    = {abs/1906.11507},
  year      = {2019}
}

@incollection{microservices,
  title={Microservices: yesterday, today, and tomorrow},
  author={Dragoni, Nicola and Giallorenzo, Saverio and Lafuente, Alberto Lluch and Mazzara, Manuel and Montesi, Fabrizio and Mustafin, Ruslan and Safina, Larisa},
  booktitle={Present and ulterior software engineering},
  pages={195--216},
  year={2017},
  publisher={Springer}
}


@inproceedings{camilli2017formal,
  title={A formal framework for specifying and verifying microservices based process flows},
  author={Camilli, Matteo and Bellettini, Carlo and Capra, Lorenzo and Monga, Mattia},
  booktitle={SEFM},
  pages={187--202},
  year={2017},
  organization={Springer}
}



@book{micro-oreilly,
  title={Securing {M}icroservice {API}s},
  author={Mc{L}arty, Matt and Wilson, Rob and Morrison, Scott},
  year={2018},
  publisher={{O'Reilly Media, Inc.}}
}




@misc{kuber,
  key = {{Microsoft Docs}},
  author = {Mike Wasson},
  title = {{Monitoring a microservices architecture in Azure Kubernetes Service (AKS)}},
  howpublished = {\url{https://rb.gy/xzlm95}},
  note = {Accessed: 2022-04-04},
  year = 2020 
}

@inproceedings{curator,
  title={Curator: provenance management for modern distributed systems},
  author={Smith, Warren and Moyer, Thomas and Munson, Charles},
  booktitle={{TaPP}},
  year={2018}
}

@misc{swi,
  key = {{Sociaal-Wetenschappelijke Informatica, University of Amsterdam}},
  title = {{SWI Prolog}},
  howpublished = {\url{https://www.swi-prolog.org/}},
  note = {Accessed: 2022-04-03}
}


@misc{xsb,
  key = {{XSB, Inc.}},
  title = {{XSB Prolog}},
  howpublished = {\url{https://xsb.com/xsb-prolog}},
  note = {Accessed: 2019-09-15}
}

@article{webb2013spring,
  title={Spring boot reference guide},
  author={Webb, Phillip and Syer, Dave and Long, Josh and Nicoll, St{\'e}phane and Winch, Rob and Wilkinson, Andy and Overdijk, Marcel and Dupuis, Christian and Deleuze, S{\'e}bastien},
  journal={Part IV. Spring Boot features},
  volume={24},
  year={2013}
}


@inproceedings{tracematch2005,
  author    = {Chris Allan and
               Pavel Avgustinov and
               Aske Simon Christensen and
               Laurie J. Hendren and
               Sascha Kuzins and
               Ondrej Lhot{\'{a}}k and
               Oege de Moor and
               Damien Sereni and
               Ganesh Sittampalam and
               Julian Tibble},
  title     = {Adding trace matching with free variables to {AspectJ}},
  booktitle = {{OOPSLA} 2005},
  pages     = {345--364},
  year      = {2005},
}


@inproceedings{xu2017system,
  title={How do system administrators resolve access-denied issues in the real world?},
  author={Xu, Tianyin and Naing, Han Min and Lu, Le and Zhou, Yuanyuan},
  booktitle={Proceedings of the 2017 CHI Conference on Human Factors in Computing Systems},
  pages={348--361},
  year={2017},
  organization={ACM}
}


@inproceedings{zhang2014decide,
  title={Decide now or decide later?: Quantifying the tradeoff between prospective and retrospective access decisions},
  author={Zhang, Wen and Chen, You and Cybulski, Thaddeus and Fabbri, Daniel and Gunter, Carl and Lawlor, Patrick and Liebovitz, David and Malin, Bradley},
  booktitle={Proceedings of the 2014 ACM SIGSAC Conference on Computer and Communications Security},
  pages={1182--1192},
  year={2014},
  organization={ACM}
}

@inproceedings{capobianco2017accessprov,
  title={{ACCESSPROV}: Tracking the Provenance of Access Control Decisions},
  author={Capobianco, Frank and Skalka, Christian and Jaeger, Trent},
  booktitle={{TaPP}},
  year={2017}
}


@inproceedings{pasquier2017practical,
  title={Practical whole-system provenance capture},
  author={Pasquier, Thomas and Han, Xueyuan and Goldstein, Mark and Moyer, Thomas and Eyers, David and Seltzer, Margo and Bacon, Jean},
  booktitle={{SoCC}},
  pages={405--418},
  year={2017},
  organization={ACM}
}


@article{pasquier2018data,
  title={Data provenance to audit compliance with privacy policy in the Internet of Things},
  author={Pasquier, Thomas and Singh, Jatinder and Powles, Julia and Eyers, David and Seltzer, Margo and Bacon, Jean},
  journal={Personal and Ubiquitous Computing},
  volume={22},
  number={2},
  pages={333--344},
  year={2018},
  publisher={Springer-Verlag}
}

@inproceedings{kacianka2018understanding,
  title={Understanding and formalizing accountability for cyber-physical systems},
  author={Kacianka, Severin and Pretschner, Alexander},
  booktitle={2018 IEEE International Conference on Systems, Man, and Cybernetics (SMC)},
  pages={3165--3170},
  year={2018},
  organization={IEEE}
}

@book{milner1989communication,
  title={Communication and concurrency},
  author={Milner, Robin},
  volume={84},
  year={1989},
  publisher={Prentice hall New York etc.}
}


@incollection{hoare1978communicating,
  title={Communicating sequential processes},
  author={Hoare, Charles Antony Richard},
  booktitle={The origin of concurrent programming},
  pages={413--443},
  year={1978},
  publisher={Springer}
}

@book{milner1999communicating,
  title={Communicating and mobile systems: the pi calculus},
  author={Milner, Robin},
  year={1999},
  publisher={Cambridge university press}
}


@article{ricciotti2017strongly,
  title={Strongly normalizing audited computation},
  author={Ricciotti, Wilmer and Cheney, James},
  journal={arXiv preprint arXiv:1706.03711},
  year={2017}
}

@article{bavera2015justification,
  title={Justification logic and audited computation},
  author={Bavera, Francisco and Bonelli, Eduardo},
  journal={J. Log. Comput},
  volume={28},
  number={5},
  pages={909--934},
  year={2015},
  publisher={Oxford University Press}
}

@inproceedings{ricciotti2017core,
  title={A core calculus for provenance inspection},
  author={Ricciotti, Wilmer},
  booktitle={{PPDP}},
  pages={187--198},
  year={2017},
  organization={ACM}
}


@inproceedings{ricciotti2018explicit,
  title={Explicit Auditing},
  author={Ricciotti, Wilmer and Cheney, James},
  booktitle={{ICTAC}},
  pages={376--395},
  year={2018},
  organization={Springer}
}

@inproceedings{artemov2008justification,
  title={Justification logic},
  author={Artemov, Sergei},
  booktitle={JELIA},
  pages={1--4},
  year={2008},
  organization={Springer}
}


@misc{jolie,
  key = {{Jolie}},
  title = {{Jolie Programming Language}},
  howpublished = {\url{https://www.jolie-lang.org/}},
  note = {Accessed: 2019-09-18}
}

@inproceedings{guidi2006sock,
  title={SOCK: a calculus for service oriented computing},
  author={Guidi, Claudio and Lucchi, Roberto and Gorrieri, Roberto and Busi, Nadia and Zavattaro, Gianluigi},
  booktitle={{ICSOC}},
  pages={327--338},
  year={2006},
  organization={Springer}
}


@inproceedings{montesi2011programming,
  title={Programming services with correlation sets},
  author={Montesi, Fabrizio and Carbone, Marco},
  booktitle={{ICSOC}},
  pages={125--141},
  year={2011},
  organization={Springer}
}


@incollection{guidi2017microservices,
  title={Microservices: a language-based approach},
  author={Guidi, Claudio and Lanese, Ivan and Mazzara, Manuel and Montesi, Fabrizio},
  booktitle={Present and Ulterior Software Engineering},
  pages={217--225},
  year={2017},
  publisher={Springer}
}


@article{jcs20,
  author = {Christian Skalka and
		Sepehr Amir{-}Mohammadian and
		Samuel Clark},
    title = {Maybe tainted data: {T}heory and a case study},
    journal = {{J. Comput. Secur.}},
    year = 2020,
    month = {April},
    volume = 28,
    number = 3,
    pages = {295-335},
    doi = {10.3233/JCS-191342}
}

@misc{owasp-top-ten,
  key = {{Open Web Application Security Project}},
  title = {{Top 10-2017 A10-Insufficient Logging \& Monitoring}},
  howpublished = {\url{https://rb.gy/mj1xpf}},
  note = {Accessed: 2022-04-04},
  year = 2017 
}

@misc{dixons-breach,
  key = {{ZDNet.com}},
  title = {{Learning the lessons of the Dixons Carphone breach}},
  howpublished = {\url{https://www.zdnet.com/article/learning-the-lessons-of-the-dixons-carphone-breach/}},
  note = {Accessed: 2020-01-15},
  year = 2020 
}

@misc{cwe778,
  key = {{Common Weakness Enumeration}},
  title = {{CWE-778: Insufficient Logging}},
  howpublished = {\url{https://rb.gy/2hhb5o}},
  note = {Accessed: 2022-04-04},
  year = 2021 
}

@misc{cwe779,
  key = {{Common Weakness Enumeration}},
  title = {{CWE-779: Logging of Excessive Data}},
  howpublished = {\url{https://rb.gy/myvjgc}},
  note = {Accessed: 2022-04-04},
  year = 2021 
}


@article{lsfa20,
  title = {Correct audit logging in concurrent systems},
  author = {Sepehr Amir-Mohammadian and Chadi Kari},
  journal = {ENTCS},
  year = 2020,
  month = {September},
  volume = 351,
  pages = {115-141},
  doi = {10.1016/j.entcs.2020.08.007},
  publisher = {Elsevier}
}


@incollection{parrow2001introduction,
  title={An introduction to the $\pi$-calculus},
  author={Parrow, Joachim},
  booktitle={Handbook of Process Algebra},
  pages={479--543},
  year={2001},
  publisher={Elsevier}
}

@article{johnson2004spring,
  title={The spring framework--reference documentation},
  author={Johnson, Rod and Hoeller, Juergen and Donald, Keith and Sampaleanu, Colin and Harrop, Rob and Risberg, Thomas and Arendsen, Alef and Davison, Darren and Kopylenko, Dmitriy and Pollack, Mark and others},
  journal={interface},
  volume={21},
  pages={27},
  year={2004}
}


@misc{github1,
  author = {Sepehr Amir-Mohammadian and Afsoon Yousefi Zowj},
  title = {{LogInst: Instrumenting Microservices of Java Web Apps for Auditing}},
  year = {2020},
  publisher = {GitHub},
  journal = {GitHub repository},
  howpublished = {\url{https://rb.gy/h5gihs}},
}

@misc{github2,
  author = {Sepehr Amir-Mohammadian and Afsoon Yousefi Zowj},
  title = {{Demo microservices-based medical records system (MRS)}},
  year = {2020},
  publisher = {GitHub},
  journal = {GitHub repository},
  howpublished = {\url{https://rb.gy/fgrtbk}},
}

@misc{github3,
  author = {Afsoon Yousefi Zowj and Sepehr Amir-Mohammadian},
  title = {{Empirical analysis of microservices-based MRS with audit logging capabilities}},
  year = {2020},
  publisher = {GitHub},
  journal = {GitHub repository},
  howpublished = {\url{https://github.com/afsoony/microservices-overhead-testing}},
}


@book{laddad2009aspectj,
  title={Aspect{J} in action: Enterprise AOP with Spring applications},
  author={Laddad, Ramnivas},
  year={2009},
  publisher={Manning Publications Co.}
}

@inproceedings{calejo2004interprolog,
  title={InterProlog: Towards a declarative embedding of logic programming in Java},
  author={Calejo, Miguel},
  booktitle={JELIA},
  pages={714--717},
  year={2004},
  organization={Springer}
}

@article{webb2013spring,
  title={Spring boot reference guide},
  author={Webb, Phillip and Syer, Dave and Long, Josh and Nicoll, St{\'e}phane and Winch, Rob and Wilkinson, Andy and Overdijk, Marcel and Dupuis, Christian and Deleuze, S{\'e}bastien},
  journal={Part IV. Spring Boot features},
  volume={24},
  year={2013}
}

@misc{h2db,
  key = {{H2}},
  title = {{H2 Database Engine}},
  howpublished = {\url{https://www.h2database.com/html/main.html}},
  note = {Accessed: 2020-06-08},
  year = 2020 
}

@incollection{Nilsson00,
  author      = {Ulf Nilsson and Jan Maluszyynski},
  title       = {Definite Logic Programs},
  booktitle   = {Logic, {P}rogramming and {P}rolog},
  year        = 2000,
  chapter     = 2,
}

@article{nguyen2019applying,
  title={Applying Spring Security Framework and OAuth2 To Protect Microservice Architecture API},
  author={Nguyen, Quy and Baker, Oras},
  journal={Journal of Software},
  pages={257--264},
  year={2019}
}

@inproceedings{nkomo2019software,
  title={Software development activities for secure microservices},
  author={Nkomo, Peter and Coetzee, Marijke},
  booktitle={{ICCSA}},
  pages={573--585},
  year={2019},
  organization={Springer}
}

@article{nehme2019securing,
  title={Securing Microservices},
  author={Nehme, Antonio and Jesus, Vitor and Mahbub, Khaled and Abdallah, Ali},
  journal={IT Professional},
  volume={21},
  number={1},
  pages={42--49},
  year={2019},
  publisher={IEEE}
}

@article{soldani2018pains,
  title={The pains and gains of microservices: A systematic grey literature review},
  author={Soldani, Jacopo and Tamburri, Damian Andrew and Van Den Heuvel, Willem-Jan},
  journal={{J. Syst. Software}},
  volume={146},
  pages={215--232},
  year={2018},
  publisher={Elsevier}
}

@article{salibindla2018microservices,
  title={Microservices API Security},
  author={Salibindla, Jyothi},
  journal={Int. J. Eng. Res.},
  volume={7},
  number={1},
  pages={277--281},
  year={2018}
}

@inproceedings{baker2019novel,
  title={A Novel Approach to Secure Microservice Architecture from OWASP vulnerabilities},
  author={Baker, Oras and Nguyen, Quy},
  booktitle={CITRENZ (2019)}
}

@inproceedings{kazanavivcius2019migrating,
  title={Migrating legacy software to microservices architecture},
  author={Kazanavi{\v{c}}ius, Justas and Ma{\v{z}}eika, Dalius},
  booktitle={{eStream}},
  pages={1--5},
  year={2019},
  organization={IEEE}
}

@inproceedings{jarwar2017exploiting,
  title={Exploiting interoperable microservices in web objects enabled Internet of Things},
  author={Jarwar, Muhammad Aslam and Ali, Sajjad and Kibria, Muhammad Golam and Kumar, Sunil and Chong, Ilyoung},
  booktitle={{ICUFN}},
  pages={49--54},
  year={2017},
  organization={IEEE}
}


@article{buneman2019data,
  title={Data provenance: What next?},
  author={Buneman, Peter and Tan, Wang-Chiew},
  journal={ACM SIGMOD Record},
  volume={47},
  number={3},
  pages={5--16},
  year={2019},
  publisher={ACM New York, NY, USA}
}

@article{herschel2017survey,
  title={A survey on provenance: What for? What form? What from?},
  author={Herschel, Melanie and Diestelk{\"a}mper, Ralf and Lahmar, Houssem Ben},
  journal={The VLDB Journal},
  volume={26},
  number={6},
  pages={881--906},
  year={2017},
  publisher={Springer}
}


@techreport{gordon2019precise,
  title={Precise and Comprehensive Provenance Tracking for Android Devices},
  author={Gordon, Michael and Eikenberry, Jordan and Eden, Anthony and Perkins, Jeff and Rinard, Martin},
  year={2019}
}


@misc{controlsys,
  key = {{Trend Micro}},
  title = {{Why Do Attackers Target Industrial Control Systems?}},
  howpublished = {\url{https://rb.gy/ketznl}},
  note = {Accessed: 2022-03-29},
  year = 2017 
}


@misc{Reilly,
  key = {{Businesswire}},
  title = {{O’Reilly’s Microservices Adoption in 2020 Report Finds that $92\%$ of Organizations are Experiencing Success with Microservices}},
  howpublished = {\url{https://rb.gy/frajim}},
  note = {Accessed: 2022-03-29},
  year = 2020 
}

@misc{Statista,
  key = {{Statista}},
  title = {{Organizations' adoption level of microservices worldwide in 2021}},
  howpublished = {\url{https://rb.gy/kanclv}},
  note = {Accessed: 2022-03-29},
  year = 2022 
}

@inproceedings{stpsa21,
  author = {Sepehr Amir{-}Mohammadian and Afsoon Yousefi Zowj},
  title = {Towards concurrent audit logging in microservices},
  booktitle = {Proceedings of the 45th Annual IEEE Computers, Software, and Applications Conference (COMPSAC 2021)},
  year = {2021},
  month = {July},
  pages = {1357--1362}
}

@techreport{amirmoh-tr21,
  author = {Sepehr Amir-Mohammadian},
  title = {Correct audit logging in concurrent systems with negative triggers},
  institution = {University of the Pacific},
  year = 2021,
  month = {June},
  pdf = {https://rb.gy/yljfyn}
}

@misc{github4,
  author = {Nicolas Duri Ahn and Sepehr Amir-Mohammadian},
  title = {{LogInst.v2: Instrumenting Java Microservices for Audit Logging: Beyond Horn Clauses}},
  year = {2022},
  publisher = {GitHub},
  journal = {GitHub repository},
  howpublished = {\url{https://rb.gy/vbxtpq}}
}

@article{mateus2021security,
  title={Security in Microservices Architectures},
  author={Mateus-Coelho, Nuno and Cruz-Cunha, Manuela and Ferreira, Luis Gonzaga},
  journal={Procedia Computer Science},
  volume={181},
  pages={1225--1236},
  year={2021},
  publisher={Elsevier}
}

@article{yu2019survey,
  title={A survey on security issues in services communication of Microservices-enabled fog applications},
  author={Yu, Dongjin and Jin, Yike and Zhang, Yuqun and Zheng, Xi},
  journal={Concurrency and Computation: Practice and Experience},
  volume={31},
  number={22},
  pages={e4436},
  year={2019},
  publisher={Wiley Online Library}
}

@article{barabanov2021security,
  title={Security audit logging in microservice-based systems: survey of architecture patterns},
  author={Barabanov, Alexander and Makrushin, Denis},
  journal={arXiv preprint arXiv:2102.09435},
  year={2021}
}

@article{cinque2019microservices,
  title={Microservices monitoring with event logs and black box execution tracing},
  author={Cinque, Marcello and Della Corte, Raffaele and Pecchia, Antonio},
  journal={IEEE Transactions on Services Computing},
  year={2019},
  publisher={IEEE}
}

@misc{nagios,
  key = {{Nagios}},
  title = {{Nagios}},
  howpublished = {\url{https://www.nagios.org}},
  note = {Accessed: 2022-04-04},
  year = 2022 
}

@misc{cloudwatch,
  key = {{CouldWatch}},
  title = {{Amazon CloudWatch}},
  howpublished = {\url{https://rb.gy/da5tsp}},
  note = {Accessed: 2022-04-04},
  year = 2022 
}

@article{khazaei2017elascale,
  title={Elascale: autoscaling and monitoring as a service},
  author={Khazaei, Hamzeh and Ravichandiran, Rajsimman and Park, Byungchul and Bannazadeh, Hadi and Tizghadam, Ali and Leon-Garcia, Alberto},
  journal={arXiv preprint arXiv:1711.03204},
  year={2017}
}
